@article{Nature.556.43.2018,
  title = {Unconventional Superconductivity in Magic-Angle Graphene Superlattices},
  author = {Cao, Yuan and Fatemi, Valla and Fang, Shiang and Watanabe, Kenji and Taniguchi, Takashi and Kaxiras, Efthimios and Jarillo-Herrero, Pablo},
  date = {2018-04-01},
  journaltitle = {Nature},
  shortjournal = {Nature},
  volume = {556},
  number = {7699},
  pages = {43--50},
  doi = {10.1038/nature26160},
}

